<record><leader>00000cas a22000007a 4500</leader><controlfield tag="001">20007424</controlfield><controlfield tag="008">890714d19631964gauwr ne      0    0eng d</controlfield><datafield ind1=" " ind2=" " tag="010"><subfield code="a">sn 89053636 </subfield></datafield><datafield ind1=" " ind2=" " tag="040"><subfield code="a">NLG</subfield><subfield code="b">eng</subfield><subfield code="c">NLG</subfield><subfield code="d">GUA</subfield><subfield code="d">OCLCQ</subfield><subfield code="d">OCLCF</subfield><subfield code="d">OCLCO</subfield></datafield><datafield ind1="1" ind2=" " tag="029"><subfield code="a">AU@</subfield><subfield code="b">000041034034</subfield></datafield><datafield ind1=" " ind2=" " tag="042"><subfield code="a">msc</subfield></datafield><datafield ind1=" " ind2=" " tag="043"><subfield code="a">n-us-ga</subfield></datafield><datafield ind1="0" ind2="0" tag="245"><subfield code="a">Norcross news reporter.</subfield></datafield><datafield ind1=" " ind2=" " tag="260"><subfield code="a">Norcross, Ga. :</subfield><subfield code="b">Georgia Community Papers, Inc.,</subfield><subfield code="c">[1963-1964]</subfield></datafield><datafield ind1=" " ind2=" " tag="300"><subfield code="a">v.</subfield></datafield><datafield ind1=" " ind2=" " tag="310"><subfield code="a">Weekly</subfield></datafield><datafield ind1="0" ind2=" " tag="362"><subfield code="a">Vol. 1, no. 1 (Sept. 12, 1963)-v. 1, no. 17 (Jan. 9, 1964).</subfield></datafield><datafield ind1=" " ind2=" " tag="530"><subfield code="a">Also on microfilm: Athens, Ga. : University of Georgia Libraries.</subfield></datafield><datafield ind1=" " ind2=" " tag="580"><subfield code="a">Merged with: Duluth news dispatch, to form: News of Gwinnett.</subfield></datafield><datafield ind1=" " ind2="0" tag="651"><subfield code="a">Norcross (Ga.)</subfield><subfield code="v">Newspapers.</subfield></datafield><datafield ind1=" " ind2="0" tag="651"><subfield code="a">Gwinnett County (Ga.)</subfield><subfield code="v">Newspapers.</subfield></datafield><datafield ind1=" " ind2="7" tag="655"><subfield code="a">Newspapers.</subfield><subfield code="2">fast</subfield><subfield code="0">(OCoLC)fst01423814</subfield></datafield><datafield ind1=" " ind2="7" tag="651"><subfield code="a">Georgia</subfield><subfield code="z">Gwinnett County.</subfield><subfield code="2">fast</subfield><subfield code="0">(OCoLC)fst01211768</subfield></datafield><datafield ind1=" " ind2="7" tag="651"><subfield code="a">Georgia</subfield><subfield code="z">Norcross.</subfield><subfield code="2">fast</subfield><subfield code="0">(OCoLC)fst01217035</subfield></datafield><datafield ind1=" " ind2=" " tag="752"><subfield code="a">United States</subfield><subfield code="b">Georgia</subfield><subfield code="c">Gwinnett</subfield><subfield code="b">Norcross.</subfield></datafield><datafield ind1="1" ind2="7" tag="785"><subfield code="t">Duluth news dispatch</subfield><subfield code="w">(DLC)sn 89053635</subfield><subfield code="w">(OCoLC)20007169</subfield></datafield><datafield ind1="1" ind2="7" tag="785"><subfield code="t">News of Gwinnett</subfield><subfield code="w">(DLC)sn 89053634</subfield><subfield code="w">(OCoLC)20007234</subfield></datafield></record>